<?xml version="1.0" encoding="UTF-8"?><collection xmlns="http://www.loc.gov/MARC21/slim"><record><leader>00450nam--2200169-i-4500</leader><controlfield tag="001">000047744</controlfield><controlfield tag="002">20161230</controlfield><controlfield tag="005">20170102171801</controlfield><controlfield tag="008">060222s1000------------r-----000-0-eng-d</controlfield><datafield ind1=" " ind2=" " tag="080"><subfield code="a">669:53.081</subfield></datafield><datafield ind1=" " ind2=" " tag="100"><subfield code="a">Woldman, Norman E</subfield></datafield><datafield ind1=" " ind2=" " tag="245"><subfield code="a">Engineering alloys. names.properties.uses</subfield></datafield><datafield ind1=" " ind2=" " tag="260"><subfield code="a">Cleveland, Ohio</subfield><subfield code="b">American Soc.For Metals</subfield><subfield code="c">1945</subfield></datafield><datafield ind1=" " ind2=" " tag="300"><subfield code="a">XI + 801 p</subfield></datafield><datafield ind1=" " ind2=" " tag="700"><subfield code="a">Metzler, Roger J</subfield></datafield><datafield ind1=" " ind2=" " tag="852"><subfield code="a">5113</subfield></datafield><datafield ind1=" " ind2=" " tag="CAT"><subfield code="a">SYS</subfield><subfield code="c">20170102</subfield><subfield code="h">171801</subfield></datafield></record></collection>